@Article{Croft2021,
  author  = {Croft, R. and Xie, Y. and Zahedi, M. and Babar, M. A. and Treude, C.},
  title   = {An Empirical Study of Developers’ Discussions About Security Challenges of Different Programming Languages},
  journal = {Empirical Software Engineering},
  year    = {2021},
  doi     = {10.1007/s10664-021-10054-w},
  url     = {https://doi.org/10.1007/s10664-021-10054-w}
}

@Article{Salka2005,
  author  = {Salka, C.},
  title   = {Programming Languages and Systems Security},
  journal = {IEEE Security \& Privacy},
  volume  = {3},
  number  = {3},
  pages   = {80--83},
  year    = {2005},
  doi     = {10.1109/MSP.2005.77},
  url     = {https://doi.org/10.1109/MSP.2005.77}
}

@Misc{Hamilton2015,
  author       = {Hamilton, C.},
  title        = {Security in Programming Languages},
  howpublished = {\url{https://www.cs.tufts.edu/comp/116/archive/fall2015/chamilton.pdf}},
  note         = {Tufts University, COMP 116 Course Paper},
  year         = {2015}
}

@InProceedings{Meng2018,
  author    = {Meng, N. and Nagy, S. and Yao, D. and Zhuang, W. and Argoty, G. A.},
  title     = {Secure Coding Practices in Java: Challenges and Vulnerabilities},
  booktitle = {Proceedings of the 40th International Conference on Software Engineering (ICSE)},
  year      = {2018},
  pages     = {372--382},
  publisher = {ACM},
  doi       = {10.1145/3180155.3180201},
  url       = {https://doi.org/10.1145/3180155.3180201}
}

@InProceedings{Sterbenz2000,
  author    = {Sterbenz, A.},
  title     = {An Evaluation of the Java Security Model},
  booktitle = {Proceedings of the IEEE Symposium on Security and Privacy},
  year      = {2000},
  pages     = {66--79},
  doi       = {10.1109/SECPRI.2000.848446},
  url       = {https://doi.org/10.1109/SECPRI.2000.848446}
}

@Misc{Bocetta2020,
  author  = {Bocetta, S.},
  title   = {How Secure Is Java Compared to Other Languages?},
  note    = {JavaWorld},
  year    = {2020},
  url     = {https://www.proquest.com/docview/2393239562}
}

@Article{Shahriar2012,
  author  = {Shahriar, H. and Zulkernine, M.},
  title   = {Mitigating Program Security Vulnerabilities: Approaches and Challenges},
  journal = {ACM Computing Surveys},
  volume  = {44},
  number  = {3},
  pages   = {11:1--11:46},
  year    = {2012},
  doi     = {10.1145/2187671.2187673},
  url     = {https://doi.org/10.1145/2187671.2187673}
}

@InCollection{Elahi2007,
  author    = {Elahi, G. and Yu, E.},
  title     = {A Goal-Oriented Approach for Modeling and Analyzing Security Trade-offs},
  booktitle = {Conceptual Modeling -- ER 2007},
  editor    = {Parent, C. and Schewe, K.-D. and Storey, V. C. and Thalheim, B.},
  series    = {Lecture Notes in Computer Science},
  volume    = {4801},
  pages     = {375--390},
  publisher = {Springer},
  year      = {2007},
  doi       = {10.1007/978-3-540-75563-0\_26},
  url       = {https://doi.org/10.1007/978-3-540-75563-0_26}
}

@Article{Bogaerts2024,
  author  = {Frédéric C. G. Bogaerts and Naghmeh Ivaki and José Fonseca},
  title   = {A Taxonomy for Python Vulnerabilities},
  journal = {IEEE Open Journal of the Computer Society},
  volume  = {5},
  pages   = {1--15},
  year    = {2024},
  doi     = {10.1109/OJCS.2024.3422686}
}

@InProceedings{Ballman2016,
  author    = {Aaron Ballman and David Svoboda},
  title     = {Avoiding Insecure C++: How to Avoid Common C++ Security Vulnerabilities},
  booktitle = {2016 IEEE Security Development Conference (SecDev)},
  year      = {2016},
  pages     = {65--72},
  publisher = {IEEE},
  doi       = {10.1109/SecDev.2016.49}
}

@InProceedings{Zhao2024,
  author    = {Kunpeng Zhao and Shuya Duan and Ge Qiu and Jinyuan Zhai and Mingze Li and Long Liu},
  title     = {Python Source Code Vulnerability Detection Based on CodeBERT Language Model},
  booktitle = {2024 7th International Conference on Algorithms, Computing and Artificial Intelligence (ACAI)},
  year      = {2024},
  pages     = {1--8},
  publisher = {IEEE},
  doi       = {10.1109/ACAI63924.2024.10899694},
  isbn      = {979-8-3315-2931-4},
  note      = {©2024 IEEE}
}